
 @article{Estevez2000,
    author = "E Estévez" ,
    title  = "Fuel element mechanical design for CAREM-25 reactor",
    journal = "International Nuclear Information System",
    volume = "32",
    year   = "2000",
    }

@article{Schutze2005,
      author   = "M Schütze" ,
      title    = " Modelling oxide scale fracture",
      journal  = "Materials at High Temperatures",
      volume   = "22",
      year     = "2005",
      pages    = "147–154",
      }

@article{KohnSham65,
  author  = "W. Kohn and   L.J. Sham",
  title   = "Self-Consistent Equations Including Exchange and Correlation Effects",
  journal = "Physical Review",
  number  = "140" ,
  year    =  "1965",
  pages   = "A1133–A1138",
  note    ="doi:10.1103/PhysRev.140.A1133"
}          


@article{HohenbergKohn64,
  author  ="P. Hohenberg and  W. Kohn" ,
  title   ="Inhomogeneous electron gas",
  journal ="Physical Review",
  number  ="136",
  year    =1964,
  pages   ="B864–B871",
  note    =""
}          


@article{Jiangetal,
  author  ="Y. Jiang and  Y. Wei and  J.R. Smith and  J.W. Hutchinson and  A.G. Evans" ,
  title   ="First principles based predictions of the toughness of a metal/oxide interface",
  journal = "International Journal of Materials Research (Formerly Zeitschrift Fuer Metallkunde)",
  number  = "101",
  year    ="2010",
  pages   ="8–15",
  note    ="",
}          

@article{Bloch1994,
  author  = "P. E. Blöch" ,
  title   = "Projector augmented-wave method",
  journal = "Physical Review B",
  number  = "50",
  year    = "1994",
  pages   = "13063–17979 ",
  note    = ""
}          
@article{Kresse1999,
  author  = "G. Kresse and  D. Joubert" ,
  title   = "From ultrasoft pseudopotentials to the projector augmented-wave method",
  journal = "Physical Review B",
  number  = "59",
  year    = "1999",
  pages   = "1758–1775. ",
  note    = ""
}          

@article{Hafner2008,
  author  = "J. Hafner" ,
  title   = "Ab-initio simulations of materials using VASP: Density-functional theory and beyond",
  journal = "Journal of Computational Chemistry",
  number  = "29",
  year    = "2008",
  pages   = "2044–2078",
  note    = ""
}          

@article{Hafner2007,
  author  = "J. Hafner" ,
  title   = "Materials simulations using VASP—a quantum perspective to materials science",
  journal = "Computer Physics Communications",
  number  = "177",
  year    = "2007",
  pages   = "6-13",
  note    = ""
}

@article{PBE,
  author  = "J. Perdew and  K. Burke and  M. Ernzerhof" ,
  title   = "Generalized Gradient Approximation Made Simple.",
  journal = "Physical Review Letters",
  number  = "77",
  year    = "1996",
  pages   = "3865–3868",
  note    = ""
}          


